<record xmlns="http://www.openarchives.org/OAI/2.0/" xmlns:xsi="http://www.w3.org/2001/XMLSchema-instance">
  <header>
    <identifier>oai:www.openaccessrepository.it:7292</identifier>
    <datestamp>2016-06-29T14:35:14Z</datestamp>
    <setSpec>dataset:aleph</setSpec>
    <setSpec>openaire</setSpec>
  </header>
  <metadata>irods://data.repo.cineca.it:1247/CINECA01/home/DRES_EUDalep/dati/ZD4001.22.AL,11100/21065950-cbe7-11e3-b2d0-e41f13eb41b2eng<marc:record xmlns:marc="http://www.loc.gov/MARC21/slim" xmlns:xsi="http://www.w3.org/2001/XMLSchema-instance" xsi:schemaLocation="http://www.loc.gov/MARC21/slim http://www.loc.gov/standards/marcxml/schema/MARC21slim.xsd" type="Bibliographic"><marc:leader>00000coc  2200000uu 4500</marc:leader><marc:controlfield tag="001">7292</marc:controlfield><marc:controlfield tag="005">20160629143514.0</marc:controlfield><marc:datafield tag="024" ind1="7" ind2=" "><marc:subfield code="2">Handle</marc:subfield><marc:subfield code="a">irods://data.repo.cineca.it:1247/CINECA01/home/DRES_EUDalep/dati/ZD4001.22.AL,11100/21065950-cbe7-11e3-b2d0-e41f13eb41b2</marc:subfield></marc:datafield><marc:datafield tag="695" ind1=" " ind2=" "><marc:subfield code="2">HEP CERN LEP ALEPH MINI RealData 2000</marc:subfield></marc:datafield><marc:datafield tag="980" ind1=" " ind2=" "><marc:subfield code="a">DATASETREALDATA</marc:subfield></marc:datafield><marc:datafield tag="999" ind1=" " ind2=" "><marc:subfield code="9">Marcello Maggi</marc:subfield><marc:subfield code="c">3183251205</marc:subfield><marc:subfield code="s">311460840</marc:subfield></marc:datafield><marc:datafield tag="999" ind1="C" ind2="5"><marc:subfield code="t">Search for neutral Higgs bosons decaying into four taus at LEP2</marc:subfield><marc:subfield code="a">10.1007/JHEP05(2010)049</marc:subfield><marc:subfield code="y">2010</marc:subfield><marc:subfield code="o">[1]</marc:subfield><marc:subfield code="r">PUBLICATIONINFN-2014-001</marc:subfield><marc:subfield code="o">[1]</marc:subfield></marc:datafield><marc:datafield tag="999" ind1="C" ind2="5"><marc:subfield code="a">10.5072/oar.it/1411041136.04 </marc:subfield><marc:subfield code="t">ALEPH SCL5 Virtual Machine for Research Environment</marc:subfield><marc:subfield code="r">SOFTWAREALEPH-2014-001</marc:subfield><marc:subfield code="o">[2]</marc:subfield></marc:datafield><marc:datafield tag="710" ind1=" " ind2=" "><marc:subfield code="g">ALEPH Collaboration</marc:subfield></marc:datafield><marc:datafield tag="856" ind1="4" ind2=" "><marc:subfield code="u">irods://data.repo.cineca.it:1247/CINECA01/home/DRES_EUDalep/dati/ZD4001.22.AL</marc:subfield><marc:subfield code="y">ALEPH</marc:subfield></marc:datafield><marc:datafield tag="909" ind1="C" ind2="O"><marc:subfield code="o">oai:www.openaccessrepository.it:7292</marc:subfield><marc:subfield code="p">openaire</marc:subfield><marc:subfield code="p">dataset:aleph</marc:subfield></marc:datafield><marc:datafield tag="245" ind1=" " ind2=" "><marc:subfield code="9">ALEPH</marc:subfield><marc:subfield code="a">LEP Data from The ALEPH Collaboration year 2000 datafile ZD4001.22.AL</marc:subfield></marc:datafield><marc:datafield tag="260" ind1=" " ind2=" "><marc:subfield code="c">2014-09-01</marc:subfield></marc:datafield><marc:datafield tag="520" ind1=" " ind2=" "><marc:subfield code="9">ALEPH</marc:subfield><marc:subfield code="a">Run contents for this data file &lt;table border="1"&gt; &lt;tr&gt; &lt;th&gt;Run #&lt;/th&gt;&lt;th&gt;Nevents&lt;/th&gt;&lt;th&gt;Length (Mb)&lt;/th&gt;&lt;th&gt;LEP energy&lt;/th&gt;&lt;th&gt;Nb of Z0s&lt;/th&gt;&lt;/tr&gt; &lt;tr&gt; &lt;td&gt;56294&lt;/td&gt;&lt;td&gt;5778&lt;/td&gt;&lt;td&gt;11.455&lt;/td&gt;&lt;td&gt;205.231&lt;/td&gt;&lt;td&gt;4&lt;/td&gt;&lt;/tr&gt; &lt;tr&gt; &lt;td&gt;56295&lt;/td&gt;&lt;td&gt;8187&lt;/td&gt;&lt;td&gt;19.730&lt;/td&gt;&lt;td&gt;206.401&lt;/td&gt;&lt;td&gt;10&lt;/td&gt;&lt;/tr&gt; &lt;tr&gt; &lt;td&gt;56296&lt;/td&gt;&lt;td&gt;1157&lt;/td&gt;&lt;td&gt;1.966&lt;/td&gt;&lt;td&gt;207.852&lt;/td&gt;&lt;td&gt;2&lt;/td&gt;&lt;/tr&gt; &lt;tr&gt; &lt;td&gt;56298&lt;/td&gt;&lt;td&gt;2553&lt;/td&gt;&lt;td&gt;6.699&lt;/td&gt;&lt;td&gt;205.204&lt;/td&gt;&lt;td&gt;1&lt;/td&gt;&lt;/tr&gt; &lt;tr&gt; &lt;td&gt;56299&lt;/td&gt;&lt;td&gt;11983&lt;/td&gt;&lt;td&gt;31.012&lt;/td&gt;&lt;td&gt;206.399&lt;/td&gt;&lt;td&gt;11&lt;/td&gt;&lt;/tr&gt; &lt;tr&gt; &lt;td&gt;56301&lt;/td&gt;&lt;td&gt;2781&lt;/td&gt;&lt;td&gt;7.219&lt;/td&gt;&lt;td&gt;205.199&lt;/td&gt;&lt;td&gt;3&lt;/td&gt;&lt;/tr&gt; &lt;tr&gt; &lt;td&gt;56302&lt;/td&gt;&lt;td&gt;10486&lt;/td&gt;&lt;td&gt;27.099&lt;/td&gt;&lt;td&gt;206.391&lt;/td&gt;&lt;td&gt;18&lt;/td&gt;&lt;/tr&gt; &lt;tr&gt; &lt;td&gt;56304&lt;/td&gt;&lt;td&gt;3193&lt;/td&gt;&lt;td&gt;8.326&lt;/td&gt;&lt;td&gt;205.202&lt;/td&gt;&lt;td&gt;3&lt;/td&gt;&lt;/tr&gt; &lt;tr&gt; &lt;td&gt;56305&lt;/td&gt;&lt;td&gt;9852&lt;/td&gt;&lt;td&gt;24.324&lt;/td&gt;&lt;td&gt;206.386&lt;/td&gt;&lt;td&gt;12&lt;/td&gt;&lt;/tr&gt; &lt;tr&gt; &lt;td&gt;56307&lt;/td&gt;&lt;td&gt;3172&lt;/td&gt;&lt;td&gt;7.691&lt;/td&gt;&lt;td&gt;205.184&lt;/td&gt;&lt;td&gt;3&lt;/td&gt;&lt;/tr&gt; &lt;tr&gt; &lt;td&gt;56308&lt;/td&gt;&lt;td&gt;5272&lt;/td&gt;&lt;td&gt;13.452&lt;/td&gt;&lt;td&gt;206.349&lt;/td&gt;&lt;td&gt;4&lt;/td&gt;&lt;/tr&gt; &lt;tr&gt; &lt;td&gt;56310&lt;/td&gt;&lt;td&gt;2735&lt;/td&gt;&lt;td&gt;7.180&lt;/td&gt;&lt;td&gt;205.187&lt;/td&gt;&lt;td&gt;6&lt;/td&gt;&lt;/tr&gt; &lt;tr&gt; &lt;td&gt;56311&lt;/td&gt;&lt;td&gt;13191&lt;/td&gt;&lt;td&gt;32.959&lt;/td&gt;&lt;td&gt;206.390&lt;/td&gt;&lt;td&gt;17&lt;/td&gt;&lt;/tr&gt; &lt;tr&gt; &lt;td&gt;56312&lt;/td&gt;&lt;td&gt;6174&lt;/td&gt;&lt;td&gt;11.819&lt;/td&gt;&lt;td&gt;207.796&lt;/td&gt;&lt;td&gt;3&lt;/td&gt;&lt;/tr&gt; &lt;tr&gt; &lt;td&gt;56314&lt;/td&gt;&lt;td&gt;2023&lt;/td&gt;&lt;td&gt;5.598&lt;/td&gt;&lt;td&gt;205.194&lt;/td&gt;&lt;td&gt;4&lt;/td&gt;&lt;/tr&gt; &lt;tr&gt; &lt;td&gt;56315&lt;/td&gt;&lt;td&gt;19626&lt;/td&gt;&lt;td&gt;48.153&lt;/td&gt;&lt;td&gt;206.392&lt;/td&gt;&lt;td&gt;14&lt;/td&gt;&lt;/tr&gt; &lt;tr&gt; &lt;td&gt;56316&lt;/td&gt;&lt;td&gt;351&lt;/td&gt;&lt;td&gt;0.460&lt;/td&gt;&lt;td&gt;207.992&lt;/td&gt;&lt;td&gt;-1&lt;/td&gt;&lt;/tr&gt; &lt;tr&gt; &lt;td&gt;56319&lt;/td&gt;&lt;td&gt;2505&lt;/td&gt;&lt;td&gt;6.718&lt;/td&gt;&lt;td&gt;205.201&lt;/td&gt;&lt;td&gt;2&lt;/td&gt;&lt;/tr&gt; &lt;tr&gt; &lt;td&gt;56320&lt;/td&gt;&lt;td&gt;15590&lt;/td&gt;&lt;td&gt;37.957&lt;/td&gt;&lt;td&gt;206.395&lt;/td&gt;&lt;td&gt;13&lt;/td&gt;&lt;/tr&gt; &lt;tr&gt;&lt;/table&gt; Total file length :   305.594 Mbytes</marc:subfield></marc:datafield><marc:datafield tag="500" ind1=" " ind2=" "><marc:subfield code="f">ALEPH - INFN</marc:subfield></marc:datafield><marc:datafield tag="650" ind1="1" ind2="7"><marc:subfield code="a">High Energy Physics</marc:subfield></marc:datafield><marc:datafield tag="269" ind1=" " ind2=" "><marc:subfield code="c">2000</marc:subfield></marc:datafield><marc:datafield tag="041" ind1=" " ind2=" "><marc:subfield code="a">eng</marc:subfield></marc:datafield><marc:datafield tag="042" ind1=" " ind2=" "><marc:subfield code="a">Researchers</marc:subfield></marc:datafield><marc:datafield tag="043" ind1=" " ind2=" "><marc:subfield code="a">info:eu-repo/semantics/other</marc:subfield></marc:datafield><marc:datafield tag="100" ind1=" " ind2=" "><marc:subfield code="a">Marcello Maggi</marc:subfield></marc:datafield></marc:record>
</metadata>
</record>
